@misc{online1,
title = {Relational Database Management Systems, Database Design, and GIS},
howpublished = {\url{http://msdis.missouri.edu/resources/gis_advanced/pdf/Relational.pdf}},
note = {Accessed: 2013-10-10}
}

@misc{online2,
title = {DB Engines Ranking of Relational DBMS},
howpublished = {\url{http://db-engines.com/en/ranking/relational+dbms}},
note = {Accessed: 2013-10-10}
}

@misc{online3,
title = {Mongo DB and its application (a case study of MongoDB in Healthcare)},
howpublished = {\url{http://kousikraj.wordpress.com/2012/06/05/mongo-db-and-its-application-a-case-study-of-mongodb-in-healthcare/}},
note = {Accessed: 2013-10-10}
}

@misc{online4,
title = {SQL vs noSQL databases: a new debate of interest for healthcare systems},
howpublished = {\url{http://ranger.uta.edu/~zikos/courses/5339-4392_content_repository/presentations/WEEK3THEORY6-Relational%20vs%20NoSQL%20Databases.pdf}},
note = {Accessed: 2013-10-10}
}


@misc{online5,
title = {SQL vs. noSQL in Healthcare},
howpublished = {\url{http://www.bigdatarepublic.com/author.asp?section_id=2642&doc_id=256137}},
note = {Accessed: 2013-10-15}
}

@misc{online6,
title = {scalability},
howpublished = {\url{http://searchdatacenter.techtarget.com/definition/scalability}},
note = {Accessed: 2013-10-15}
}

@article{clouddb4,
  title={Is the relational database doomed},
  author={Tony Bain},
  year={2009}
}

@article{clouddb5,
  title={Moving Towards Non-Relational Databases},
  author={Bhat, Uma and Jadhav, Shraddha},
  journal={International Journal of Computer Applications},
  volume={1},
  number={13},
  pages={40--46},
  year={2010},
  publisher={Citeseer}
}

@book{clouddb2,
  title={Management information systems},
  author={Lucey, Terence},
  year={2004},
  publisher={CengageBrain. com}
}